<record><leader>00000cas a22000007a 4500</leader><controlfield tag="001">9333858</controlfield><controlfield tag="008">830322d186u18uumauwr ne      0    0eng d</controlfield><datafield ind1=" " ind2=" " tag="010"><subfield code="a">sn 83020382 </subfield></datafield><datafield ind1=" " ind2=" " tag="040"><subfield code="a">NPX</subfield><subfield code="b">eng</subfield><subfield code="c">NPX</subfield><subfield code="d">NPY</subfield><subfield code="d">DLC</subfield><subfield code="d">MGN</subfield><subfield code="d">OCLCQ</subfield></datafield><datafield ind1=" " ind2=" " tag="042"><subfield code="a">msc</subfield></datafield><datafield ind1="0" ind2="0" tag="245"><subfield code="a">Fall River weekly monitor.</subfield></datafield><datafield ind1=" " ind2=" " tag="260"><subfield code="a">Fall River, Mass. :</subfield><subfield code="b">William S. Robertson</subfield></datafield><datafield ind1=" " ind2=" " tag="300"><subfield code="a">v.</subfield></datafield><datafield ind1=" " ind2=" " tag="310"><subfield code="a">Weekly</subfield></datafield><datafield ind1=" " ind2=" " tag="580"><subfield code="a">Daily ed.: Fall River daily monitor.</subfield></datafield><datafield ind1=" " ind2=" " tag="588"><subfield code="a">Description based on: New ser., v. 1, no. 26 (Apr. 28, 1866).</subfield></datafield><datafield ind1=" " ind2=" " tag="752"><subfield code="a">United States</subfield><subfield code="b">Massachusetts</subfield><subfield code="c">Bristol</subfield><subfield code="d">Fall River.</subfield></datafield><datafield ind1="1" ind2=" " tag="775"><subfield code="t">Fall River daily monitor</subfield><subfield code="w">(DLC)sn 83020383</subfield></datafield><datafield ind1="0" ind2="0" tag="780"><subfield code="t">Fall River monitor (Fall River, Mass. : 1838)</subfield><subfield code="w">(DLC)sn 92057034</subfield></datafield><datafield ind1="0" ind2="0" tag="785"><subfield code="t">Fall River monitor (Fall River, Mass. : 1873)</subfield><subfield code="w">(DLC)sn 83020384</subfield></datafield></record>